<?xml version="1.0" encoding="UTF-8"?><collection xmlns="http://www.loc.gov/MARC21/slim"><record><leader>00516nam--2200193-u-4500</leader><controlfield tag="001">000053534</controlfield><controlfield tag="002">20161230</controlfield><controlfield tag="005">20161230201051</controlfield><controlfield tag="008">110412s1000------------r-----000-0-eng-d</controlfield><datafield ind1=" " ind2=" " tag="020"><subfield code="a">0471040630</subfield></datafield><datafield ind1=" " ind2=" " tag="040"><subfield code="a">IFIN-HH</subfield></datafield><datafield ind1=" " ind2=" " tag="080"><subfield code="a">82-311.2</subfield></datafield><datafield ind1="1" ind2=" " tag="100"><subfield code="a">Shroyer, Jo Ann</subfield></datafield><datafield ind1="1" ind2="0" tag="245"><subfield code="a">Secret mesa</subfield><subfield code="b">Inside los alamos national laboratory</subfield><subfield code="c">Jo ann shroyer</subfield></datafield><datafield ind1=" " ind2=" " tag="260"><subfield code="a">New York</subfield><subfield code="b">John Wiley &amp; Sons, Inc</subfield><subfield code="c">1998</subfield></datafield><datafield ind1=" " ind2=" " tag="300"><subfield code="a">230P</subfield></datafield><datafield ind1=" " ind2="4" tag="650"><subfield code="a">Los Alamos - History</subfield></datafield><datafield ind1=" " ind2=" " tag="852"><subfield code="a">81495</subfield><subfield code="c">5</subfield></datafield><datafield ind1=" " ind2=" " tag="CAT"><subfield code="a">Sys</subfield><subfield code="c">20110412</subfield><subfield code="h">084154</subfield></datafield></record></collection>